@Article{Boehlke2024,
  author    = {Boehlke, Fabian},
  title     = {Das {K}ompetenzzentrum f{\"u}r {F}orschungsdaten ({FoKUS}) der {U}niversit{\"a}t {S}tuttgart und die {B}er{\"u}cksichtigung geisteswissenschaftlicher {F}orschungsdaten},
  journal   = {API Magazin},
  year      = {2024},
  volume    = {5},
  number    = {1},
  month     = jan,
  issn      = {2699-6693},
  doi       = {10.15460/apimagazin.2024.5.1.163},
  publisher = {Hamburg University Press},
}

@InProceedings{DiCosmo2020,
  author     = {Di Cosmo, Roberto},
  title      = {Archiving and Referencing Source Code with Software Heritage},
  booktitle  = {Mathematical Software -- ICMS 2020},
  year       = {2020},
  editor     = {Bigatti, Anna Maria and Carette, Jacques and Davenport, James H. and Joswig, Michael and de Wolff, Timo},
  eventtitle = {7\textsuperscript{th} International Conference Mathematical Software},
  eventdate  = {2020-07-13/2020-07-16},
  venue      = {Braunschweig, Germany},
  volume     = {12097},
  series     = {Lecture Notes in Computer Science},
  publisher  = {Springer International Publishing},
  isbn       = {978-3-030-52200-1},
  pages      = {362--373},
  doi        = {10.1007/978-3-030-52200-1_36},
  address    = {Cham},
}

@InBook{DiCosmo2023,
  author    = {Di Cosmo, Roberto and Zacchiroli, Stefano},
  title     = {The Software Heritage Open Science Ecosystem},
  booktitle = {Software Ecosystems: Tooling and Analytics},
  year      = {2023},
  editor    = {Mens, Tom and De Roover, Coen and Cleve, Anthony},
  publisher = {Springer International Publishing},
  isbn      = {978-3-031-36060-2},
  pages     = {33--61},
  doi       = {10.1007/978-3-031-36060-2_2},
  address   = {Cham},
}

@Book{Elsholz2006,
  author    = {Elsholz, Uwe and J{\"a}kel, Lutz and Megerle, Andreas and Vollmer, Lutz-Michael},
  title     = {{V}erstetigung von {N}etzwerken},
  year      = {2006},
  publisher = {Arbeitsgemeinschaft Betriebliche Weiterbildungsforschung e. V., Projekt Qualifikations-Entwicklungs-Management},
  url       = {https://www.abwf.de/content/main/publik/handreichungen/lipa/012_88hand-12.pdf},
  address   = {Berlin, Germany},
  month     = sep,
}

@online{FAIRmaturity,
author = {{FAIR Data Maturity Model Working Group}},
title = {{FAIR} Data Maturity Model: core criteria to assess the implementation level of the {FAIR} data principles},
url = {https://www.rd-alliance.org/groups/fair-data-maturity-model-wg},
year = {2019},
month = apr,
urldate = {2024-03-06},
}

@misc{fair_data_maturity_model_working_group_2020,
  author       = {FAIR Data Maturity Model Working Group},
  title        = {{FAIR Data Maturity Model. Specification and 
                   Guidelines}},
  month        = jun,
  year         = 2020,
  publisher    = {Zenodo},
  version      = {1.0},
  doi          = {10.15497/rda00050},
}

@Online{GitHubZenodo,
  author  = {GitHub},
  title   = {Referencing and citing content},
  url     = {https://docs.github.com/en/repositories/archiving-a-github-repository/referencing-and-citing-content},
  urldate = {2024-03-06},
}

@TechReport{Helmholtz2017,
  author      = {{Helmholtz Open Science Office}},
  title       = {Recommendations for Policies of the {H}elmholtz {C}enters on Research Data Management},
  institution = {Helmholtz Association Open Science Working Group},
  year        = {2017},
  type        = {Position paper},
  doi         = {10.48440/os.helmholtz.036},
  address     = {Potsdam, Germany},
}

@TechReport{Helmholtz2019a,
  author      = {{Task Group Research Software}},
  title       = {Recommendations for the Implementation of Guidelines and Policies on Research Software Management at the {H}elmholtz {C}enters},
  institution = {Helmholtz Open Science Office},
  year        = {2019},
  type        = {Position paper},
  month       = nov,
  doi         = {10.48440/os.helmholtz.040},
  address     = {Potsdam, Germany},
}

@TechReport{Helmholtz2019b,
  author      = {Bach, Felix and Bertuch, Oliver and Busse, Christian and zu Castell, Wolfgang and Celo, Sabine and Denker, Michael and Dinkelacker, Stefan and Druskat, Stephan and Faber, Claas and Finke, Ants and Fritzsch, Bernadette and Hammitzsch, M. and Haseleu, Julia and Konrad, Uwe and Krupa, J{\"o}rn and Leifels, Yvonne and Mohns-P{\"o}schke, Kerstin and Moravcikova, Martina and N{\"o}ller, Joachim and M{\"o}hl, Christoph and Nolden, Marco and Scheinert, Markus and Schelhaas, Ute and Scheliga, Katharina Sara and Schlauch, Tobias and Schnicke, Thomas and Scholz, Almut and Schwennsen, Florian and Seifarth, Jenny and Selzer, Michael and Shishatskiy, Sergey and Steglich, Dirk and Strohbach, Sandra and Terhorst, Dennis and Al-Turany, Mohammad and Vierkant, Paul and Wieser, Thomas and Witter, Ludwig and Wortmann, Daniel},
  title       = {Model Policy on Sustainable Software at the {H}elmholtz {C}enters},
  institution = {Helmholtz Open Science Office},
  year        = {2019},
  type        = {Model policy},
  month       = nov,
  doi         = {10.48440/os.helmholtz.041},
  address     = {Potsdam, Germany},
}

@TechReport{Konrad2020,
  author    = {Konrad, Uwe and F{\"o}rstner, Konrad and Reetz, Johannes and Wannemacher, Klaus and Kett, J{\"u}rgen and Mannseicher, Florian},
  title     = {Digitale {D}ienste f{\"u}r die {W}issenschaft -- wohin geht die {R}eise?},
  year      = {2020},
  type      = {Position paper},
  month     = dec,
  doi       = {10.5281/zenodo.4301924},
  publisher = {Zenodo},
}

@TechReport{Konrad2021,
  author        = {Konrad, Uwe and F{\"o}rstner, Konrad and Reetz, Johannes and Wannemacher, Klaus and Kett, J{\"u}rgen and Mannseicher, Florian},
  title         = {Digital services for science -- where is the journey heading?},
  year          = {2021},
  type          = {Position paper},
  month         = feb,
  doi           = {10.5281/zenodo.4301947},
  publisher     = {Zenodo},
  related       = {Konrad2020},
  relatedstring = {Translation of},
}

@Article{Lamprecht2020,
  author    = {Lamprecht, Anna-Lena and Garcia, Leyla and Kuzak, Mateusz and Martinez, Carlos and Arcila, Ricardo and Martin Del Pico, Eva and Dominguez Del Angel, Victoria and van de Sandt, Stephanie and Ison, Jon and Martinez, Paula Andrea and McQuilton, Peter and Valencia, Alfonso and Harrow, Jennifer and Psomopoulos, Fotis and Gelpi, Josep Ll and Chue Hong, Neil and Goble, Carole and Capella-Gutierrez, Salvador},
  title     = {Towards {FAIR} principles for research software},
  journal   = {Data Science},
  year      = {2020},
  volume    = {3},
  number    = {1},
  month     = jan,
  issn      = {2451-8484},
  doi       = {10.3233/DS-190026},
  pages     = {37--59},
  publisher = {IOS Press},
  urldate   = {2024-03-06},
}

@Online{learnandteachlearn,
  author  = {{The teachingRSE project}},
  title   = {Learn research software engineering},
  url     = {https://de-rse.org/learn-and-teach/learn},
  urldate = {2024-02-24},
}

@online{manchester_mobile,
  title={Mobile Development Service (MDS)},
  url={https://research-it.manchester.ac.uk/services/mobile-development-service-mds/}
}

@misc{schimavoigt2023,
  author       = {Schima-Voigt, Kristine},
  title        = {{Research Software Engineering als Service an einer
                   wissenschaftlichen Bibliothek}},
  month        = mar,
  year         = 2023,
  publisher    = {Zenodo},
  doi          = {10.5281/zenodo.7727988},
  url          = {https://doi.org/10.5281/zenodo.7727988}
}

@Online{UtrechtRDM,
  title   = {Research Data Management Support},
  url     = {https://www.uu.nl/en/research/research-data-management},
  urldate = {2024-03-06},
}

@TechReport{Utrecht2016a,
  author   = {{Utrecht University}},
  title    = {Universitair beleidskader onderzoeksdata {U}niversiteit {U}trecht},
  year     = {2016},
  type     = {Policy paper},
  language = {nl},
  month    = jan,
  url      = {https://www.uu.nl/sites/default/files/universitair_beleidskader_onderzoeksdata_universiteit_utrecht_versie_januari_2016_0.pdf},
  urldate  = {2024-03-06},
}

@TechReport{Utrecht2016b,
  author        = {{Utrecht University}},
  title         = {University policy framework for research data {U}trecht {U}niversity},
  year          = {2016},
  type          = {Policy paper},
  month         = jan,
  url           = {https://www.uu.nl/sites/default/files/university_policy_framework_for_research_data_utrecht_university_-_january_2016.pdf},
  urldate       = {2024-03-06},
  related       = {Utrecht2016a},
  relatedstring = {Translation of},
}

@TechReport{Wilkinson2023,
  author      = {Wilkinson, Mark D. and Sansone, Susanna-Assunta and Grootveld Marjan and Nordling, Josefine and Dennis, Richard and Hecker, David},
  title       = {{FAIR} Assessment Tools: Towards an ``Apples to Apples'' Comparisons},
  institution = {EOSC Association AISBL},
  year        = {2023},
  type        = {Project deliverable},
  month       = jan,
  doi         = {10.5281/zenodo.7463421},
  publisher   = {Zenodo},
}

@article{Grunwald2022,
	author = {Grunwald-Eckhardt, Laura and Mersmann, Jana and Schuray, Alexander and Golsch, Lennard and Hickmann, Johanna und Str{\"o}tgen, Robert},
	doi = {10.17192/bfdm.2022.1.8363},
	journal = {Bausteine Forschungsdatenmanagement},
	number = {1},
	pages = {43-52},
	title = {{F}orschungsdatenmanagement etablieren -- {B}estehende {S}ervice-{A}ngebote und geplante {E}rweiterungen},
	year = {2022},
}


@article{Nature2018,
	date-added = {2024-04-11 11:46:07 +0200},
	date-modified = {2024-04-11 11:48:29 +0200},
	doi = {10.1038/d41586-018-02741-4},
	issn = {1476-4687},
	journal = {Nature},
	month = mar,
	number = {7695},
	pages = {142--142},
	publisher = {Springer Science and Business Media LLC},
	title = {Does your code stand up to scrutiny?},
	volume = {555},
	year = {2018},
}


@misc{ChueHong2022,
	author = {Chue Hong, Neil P. and Katz, Daniel S. and Barker, Michelle and Lamprecht, Anna-Lena and Martinez, Carlos and Psomopoulos, Fotis E. and Harrow, Jen and Castro, Leyla Jael and Gruenpeter, Morane and Martinez, Paula Andrea and Honeyman, Tom and Struck, Alessandra and Lee, Allen and Loewe, Axel and van Werkhoven, Ben and Jones, Catherine and Garijo, Daniel and Plomp, Esther and Genova, Francoise and Shanahan, Hugh and Leng, Joanna and Hellstr{\"o}m, Maggie and Sandstr{\"o}m, Malin and Sinha, Manodeep and Kuzak, Mateusz and Herterich, Patricia and Zhang, Qian and Islam, Sharif and Sansone, Susanna-Assunta and Pollard, Tom and Atmojo, Udayanto Dwi and Williams, Alan and Czerniak, Andreas and Niehues, Anna and Fouilloux, Anne Claire and Desinghu, Bala and Goble, Carole and Richard, C{\'e}line and Gray, Charles and Erdmann, Chris and N{\"u}st, Daniel and Tartarini, Daniele and Ranguelova, Elena and Anzt, Hartwig and Todorov, Ilian and McNally, James and Moldon, Javier and Burnett, Jessica and Garrido-S{\'a}nchez, Juli{\'a}n and Belhajjame, Khalid and Sesink, Laurents and Hwang, Lorraine and Tovani-Palone, Marcos Roberto and Wilkinson, Mark D. and Servillat, Mathieu and Liffers, Matthias and Fox, Merc and Miljkovi{\'c}, Nadica and Lynch, Nick and Martinez Lavanchy, Paula and Gesing, Sandra and Stevens, Sarah and Martinez Cuesta, Sergio and Peroni, Silvio and Soiland-Reyes, Stian and Bakker, Tom and Rabemanantsoa, Tovo and Sochat, Vanessa and Yehudi, Yo and RDA FAIR4RS WG},
	date-added = {2022-06-22 12:15:42 +0200},
	date-modified = {2022-06-22 12:17:02 +0200},
	doi = {10.15497/RDA00068},
	keywords = {RSE, FAIR},
	month = may,
	publisher = {Zenodo},
	title = {{FAIR} Principles for Research Software ({FAIR4RS} Principles)},
	version = {1.0},
	year = {2022},
}


@misc{Barker2024,
  doi = {10.5281/ZENODO.10816031},
  author = {Barker,  Michelle and Castro,  Leyla Jael and Fritzsch,  Bernadette and Katz,  Daniel S. and Martinez-Ortiz,  Carlos and Niehues,  Anna and Struck,  Alexander and Zhang,  Qian},
  keywords = {research software,  FAIR,  sustainability,  research},
  language = {en},
  title = {The {FAIR} for Research Software Principles after two years: An adoption update},
  publisher = {Zenodo},
  year = {2024},
  copyright = {Creative Commons Attribution 4.0 International}
}


@InProceedings{Ostlund2023,
  author =       {\"{O}stlund, Linus and Wicklund, Niklas and Glassey, Richard},
  title =        {It's Never too Early to Learn About Code Quality: A
                  Longitudinal Study of Code Quality in First-year Computer
                  Science Students},
  year =         2023,
  booktitle =    {Proceedings of the 54th ACM Technical Symposium on Computer
                  Science Education V. 1},
  series =       {SIGCSE 2023},
  publisher =    {Association for Computing Machinery},
  isbn =         9781450394314,
  pages =        {792--798},
  doi =          {10.1145/3545945.3569829},
}


@Article{Carver2013,
  author =       {Carver, Jeffrey and Heaton, Dustin and Hochstein, Lorin and
                  Bartlett, Roscoe},
  title =        {Self-perceptions about software engineering: A survey of
                  scientists and engineers},
  journal =      {Computing in Science \& Engineering},
  year =         2013,
  volume =       15,
  number =       1,
  pages =        {7--11},
  publisher =    {IEEE}
}


@Book{Schulmeyer2008,
  author =       {Schulmeyer, Gordon},
  title =        {Handbook of Software Quality Assurance, Fourth Edition},
  year =         2008,
  publisher =    {Artech House},
  isbn =         {978-1-59693-186-2}
}


@Online{Sinclair2022,
  author =       {Gillian Sinclair},
  title =        {Research Software Engineering},
  year =         2022,
  url =          {https://research-it.manchester.ac.uk/services/research-software-engineering/},
  urldate =      {2025-01-31}
}


@Online{Stanford2025,
  author =       {Stanford University IT},
  title =        {Research Software Engineering Services},
  year =         2025,
  url =          {https://stanford-rc.github.io/rse-services/},
  urldate =      {2025-01-31}
}

@Online{NotreDame2025,
  author =       {University of Notre Dame},
  title =        {Center for Research Computing},
  year =         2025,
  url =          {https://crc.nd.edu/},
  urldate =      {2025-01-31}
}

@Online{Princeton2025,
  author =       {Princeton University},
  title =        {Princeton Research Computing: Research Software Engineering},
  year =         2025,
  url =          {https://researchcomputing.princeton.edu/services/research-software-engineering},
  urldate =      {2025-01-31}
}

@INPROCEEDINGS{Katz2019,
  author={Katz, Daniel S. and McHenry, Kenton and Reinking, Caleb and Haines, Robert},
  booktitle={2019 IEEE/ACM 14th International Workshop on Software Engineering for Science (SE4Science)},
  title={Research Software Development \& Management in Universities: Case Studies from Manchester's RSDS Group, Illinois' NCSA, and Notre Dame's CRC},
  year={2019},
  volume={},
  number={},
  pages={17-24},
  keywords={Software;Training;Data science;Software engineering;Organizations;Engineering profession;Data models;Software Engineering;Research Software Engineering;Scientific Software;Research Software;Funding;Careers;Sustainability;Research Culture;Best Practice},
  doi={10.1109/SE4Science.2019.00009}}

@Online{DFG_ExStra130,
  author =       {{German Research Foundation}},
  title =        {Clusters of Excellence Funding Line - Proposal template },
  year =         2023,
  url =          {https://www.dfg.de/resource/blob/204414/be4b0447d949c674c900fba56c48cfc5/exstra130-en-data.pdf},
  urldate =      {2025-02-08}
}

@Online{FDM_Info_FDM,
  author =       {{Redaktion von forschungsdaten.info}},
  title =        {Forschungsdatenmanagement und Forschungsförderer},
  year =         2024,
  url =          {https://forschungsdaten.info/themen/informieren-und-planen/forschungsdatenmanagement-und-forschungsfoerderer/},
  urldate =      {2025-02-09}
}

@Online{FDM_Info_SMP,
  author =       {{Redaktion von forschungsdaten.info}},
  title =        {Software Management Plans - Managing of (research) software efficiently},
  year =         2023,
  url =          {https://forschungsdaten.info/praxis-kompakt/english-pages/software-management-plans/},
  urldate =      {2025-02-09}
}
